<?xml version="1.0" encoding="UTF-8"?><collection xmlns="http://www.loc.gov/MARC21/slim"><record><leader>00521nam--2200205-u-4500</leader><controlfield tag="001">000050407</controlfield><controlfield tag="002">20161230</controlfield><controlfield tag="003">81609</controlfield><controlfield tag="005">20161230201048</controlfield><controlfield tag="008">070312s1000------------r-----000-0-eng-d</controlfield><datafield ind1=" " ind2=" " tag="020"><subfield code="a">3-540-22039-9</subfield></datafield><datafield ind1=" " ind2=" " tag="040"><subfield code="a">IFIN-HH</subfield></datafield><datafield ind1=" " ind2=" " tag="080"><subfield code="a">535.317.2:514.83</subfield></datafield><datafield ind1="1" ind2=" " tag="100"><subfield code="a">Wolf,K.B</subfield></datafield><datafield ind1="1" ind2="0" tag="245"><subfield code="a">Geometric Optics on Phase Space</subfield><subfield code="c">K.B. Wlof</subfield></datafield><datafield ind1=" " ind2=" " tag="260"><subfield code="a">Berlin</subfield><subfield code="b">Springer-Verlag</subfield><subfield code="c">2004</subfield></datafield><datafield ind1=" " ind2=" " tag="300"><subfield code="a">xv+373p</subfield></datafield><datafield ind1=" " ind2=" " tag="490"><subfield code="a">Texts and Monographs in Physics</subfield></datafield><datafield ind1=" " ind2=" " tag="852"><subfield code="a">81609</subfield><subfield code="c">535</subfield></datafield><datafield ind1=" " ind2=" " tag="CAT"><subfield code="a">Sys</subfield><subfield code="c">20160114</subfield><subfield code="h">142225</subfield></datafield></record></collection>